<record><leader>00000cas a22000007a 4500</leader><controlfield tag="001">25061432</controlfield><controlfield tag="008">920107d18781890ctuwr ne      0    0eng d</controlfield><datafield ind1=" " ind2=" " tag="010"><subfield code="a">sn 92051105 </subfield></datafield><datafield ind1=" " ind2=" " tag="040"><subfield code="a">CNW</subfield><subfield code="b">eng</subfield><subfield code="c">CNW</subfield><subfield code="d">OCLCQ</subfield></datafield><datafield ind1=" " ind2=" " tag="042"><subfield code="a">msc</subfield></datafield><datafield ind1="0" ind2="4" tag="245"><subfield code="a">The Bristol weekly press.</subfield></datafield><datafield ind1="3" ind2="0" tag="246"><subfield code="a">Bristol semi-weekly press</subfield></datafield><datafield ind1="1" ind2="3" tag="246"><subfield code="a">Bristol press</subfield></datafield><datafield ind1=" " ind2=" " tag="260"><subfield code="a">Bristol, Conn. :</subfield><subfield code="b">Riggs &amp; Pratt</subfield></datafield><datafield ind1=" " ind2=" " tag="300"><subfield code="a">v.</subfield></datafield><datafield ind1=" " ind2=" " tag="310"><subfield code="a">Weekly,</subfield><subfield code="b">May 6, 1886-1890</subfield></datafield><datafield ind1=" " ind2=" " tag="321"><subfield code="a">Weekly,</subfield><subfield code="b">1878-Mar. 25, 1886</subfield></datafield><datafield ind1=" " ind2=" " tag="321"><subfield code="a">Semiweekly,</subfield><subfield code="b">Mar. 31-May 1, 1886</subfield></datafield><datafield ind1="0" ind2=" " tag="362"><subfield code="a">Vol. 8, no. 3 (Jan. 17, 1878)-v. 20, no. 49 (Nov. 27, 1890).</subfield></datafield><datafield ind1=" " ind2=" " tag="500"><subfield code="a">Published as: The Bristol semi-weekly press, Mar. 31-May 1, 1886.</subfield></datafield><datafield ind1=" " ind2=" " tag="530"><subfield code="a">Available on microfilm from UMI.</subfield></datafield><datafield ind1=" " ind2=" " tag="580"><subfield code="a">Other editions available: Plainville weekly news, 1878-188 ; Plainville news (Plainville, Conn. : 1889), 1889-1890.</subfield></datafield><datafield ind1=" " ind2="4" tag="651"><subfield code="a">Bristol (Conn.)</subfield><subfield code="v">Newspapers.</subfield></datafield><datafield ind1=" " ind2=" " tag="752"><subfield code="a">United States</subfield><subfield code="b">Connecticut</subfield><subfield code="c">Hartford</subfield><subfield code="d">Bristol.</subfield></datafield><datafield ind1="1" ind2=" " tag="775"><subfield code="t">Plainville weekly news</subfield><subfield code="w">(DLC)sn 92051107</subfield><subfield code="w">(OCoLC)25063393</subfield></datafield><datafield ind1="1" ind2=" " tag="775"><subfield code="t">Plainville news (Plainville, Conn. : 1889)</subfield><subfield code="w">(DLC)sn 92051108</subfield><subfield code="w">(OCoLC)25063499</subfield></datafield><datafield ind1="0" ind2="0" tag="780"><subfield code="t">Bristol press (Bristol, Conn. : 1871)</subfield><subfield code="w">(DLC)sn 84027711</subfield><subfield code="w">(OCoLC)11470435</subfield></datafield><datafield ind1="0" ind2="0" tag="785"><subfield code="t">Bristol press (Bristol, Conn. : 1890)</subfield><subfield code="w">(DLC)sn 84022385</subfield><subfield code="w">(OCoLC)10384434</subfield></datafield><datafield ind1="1" ind2=" " tag="029"><subfield code="a">AU@</subfield><subfield code="b">000025898221</subfield></datafield></record>